@article{kim2000application,
  title={Application of interactive genetic algorithm to fashion design},
  author={Kim, Hee-Su and Cho, Sung-Bae},
  journal={Engineering applications of artificial intelligence},
  volume={13},
  number={6},
  pages={635--644},
  year={2000},
  publisher={Elsevier}
}

@inproceedings{koyama2022bo,
  title={BO as Assistant: Using Bayesian Optimization for Asynchronously Generating Design Suggestions},
  author={Koyama, Yuki and Goto, Masataka},
  booktitle={Proceedings of the 35th Annual ACM Symposium on User Interface Software and Technology},
  pages={1--14},
  year={2022}
}

@article{whitley1994genetic,
  title={A genetic algorithm tutorial},
  author={Whitley, Darrell},
  journal={Statistics and computing},
  volume={4},
  number={2},
  pages={65--85},
  year={1994},
  publisher={Springer}
}

@article{blickle1996comparison,
  title={A comparison of selection schemes used in evolutionary algorithms},
  author={Blickle, Tobias and Thiele, Lothar},
  journal={Evolutionary Computation},
  volume={4},
  number={4},
  pages={361--394},
  year={1996},
  publisher={MIT Press}
}

@article{murata1996multi,
  title={Multi-objective genetic algorithm and its applications to flowshop scheduling},
  author={Murata, Tadahiko and Ishibuchi, Hisao and Tanaka, Hideo},
  journal={Computers \& industrial engineering},
  volume={30},
  number={4},
  pages={957--968},
  year={1996},
  publisher={Elsevier}
}

@article{小林重信2009実数値,
  title={実数値 GA のフロンティア},
  author={小林重信},
  journal={人工知能学会論文誌},
  volume={24},
  number={1},
  pages={147--162},
  year={2009},
  publisher={一般社団法人 人工知能学会}
}

@inproceedings{ono1999robust,
  title={A robust real-coded genetic algorithm using unimodal normal distribution crossover augmented by uniform crossover: Effects of self-adaptation of crossover probabilities},
  author={Ono, Isao and Kita, Hajime and Kobayashi, Shigenobu},
  booktitle={Proceedings of the 1st Annual Conference on Genetic and Evolutionary Computation-Volume 1},
  pages={496--503},
  year={1999}
}

@article{瀬山貴仁2014クラウド,
  title={クラウド PaaS 上での多人数インタラクティブ遺伝的アルゴリズムによるスケーラブルな 3D モデリング},
  author={瀬山貴仁 and 坂東信太郎 and 棟朝雅晴 and others},
  journal={研究報告数理モデル化と問題解決 (MPS)},
  volume={2014},
  number={7},
  pages={1--4},
  year={2014}
}

@incollection{muller2006procedural,
  title={Procedural modeling of buildings},
  author={M{\"u}ller, Pascal and Wonka, Peter and Haegler, Simon and Ulmer, Andreas and Van Gool, Luc},
  booktitle={ACM SIGGRAPH 2006 Papers},
  pages={614--623},
  year={2006}
}

@article{三浦嘉大2020地理的要素とユーザー自由度を考慮した日本城郭都市のプロシージャルモデリング,
  title={地理的要素とユーザー自由度を考慮した日本城郭都市のプロシージャルモデリング},
  author={三浦嘉大 and 藤塚巧 and 伊藤智也 and 菊池司 and others},
  journal={研究報告コンピュータグラフィックスとビジュアル情報学 (CG)},
  volume={2020},
  number={2},
  pages={1--9},
  year={2020}
}

@article{lintermann1999interactive,
  title={Interactive modeling of plants},
  author={Lintermann, Bernd and Deussen, Oliver},
  journal={IEEE Computer Graphics and Applications},
  volume={19},
  number={1},
  pages={56--65},
  year={1999},
  publisher={IEEE}
}

@article{smelik2011declarative,
  title={A declarative approach to procedural modeling of virtual worlds},
  author={Smelik, Ruben Micha{\"e}l and Tutenel, Tim and de Kraker, Klaas Jan and Bidarra, Rafael},
  journal={Computers \& Graphics},
  volume={35},
  number={2},
  pages={352--363},
  year={2011},
  publisher={Elsevier}
}

@article{xie2022dualsmoke,
  title={Dualsmoke: Sketch-based smoke illustration design with two-stage generative model},
  author={Xie, Haoran and Arihara, Keisuke and Sato, Syuhei and Miyata, Kazunori},
  journal={arXiv preprint arXiv:2208.10906},
  year={2022}
}

@article{DBLP:journals/corr/abs-2010-04548,
  author       = {Jialin Liu and
                  Sam Snodgrass and
                  Ahmed Khalifa and
                  Sebastian Risi and
                  Georgios N. Yannakakis and
                  Julian Togelius},
  title        = {Deep Learning for Procedural Content Generation},
  journal      = {CoRR},
  volume       = {abs/2010.04548},
  year         = {2020},
  url          = {https://arxiv.org/abs/2010.04548},
  eprinttype    = {arXiv},
  eprint       = {2010.04548},
  timestamp    = {Thu, 22 Dec 2022 11:07:20 +0100},
  biburl       = {https://dblp.org/rec/journals/corr/abs-2010-04548.bib},
  bibsource    = {dblp computer science bibliography, https://dblp.org}
}

@article{wang2020method,
  title={A method for product form design of integrating interactive genetic algorithm with the interval hesitation time and user satisfaction},
  author={Wang, Tianxiong and Zhou, Meiyu},
  journal={International Journal of Industrial Ergonomics},
  volume={76},
  pages={102901},
  year={2020},
  publisher={Elsevier}
}

@inproceedings{miki2006global,
  title={Global asynchronous distributed interactive genetic algorithm},
  author={Miki, Mitsunori and Yamamoto, Yuki and Wake, Sanae and Hiroyasu, Tomoyuki},
  booktitle={2006 IEEE International Conference on Systems, Man and Cybernetics},
  volume={4},
  pages={3481--3485},
  year={2006},
  organization={IEEE}
}

@article{gypa2023propeller,
  title={Propeller optimization by interactive genetic algorithms and machine learning},
  author={Gypa, Ioli and Jansson, Marcus and Wolff, Krister and Bensow, Rickard},
  journal={Ship Technology Research},
  volume={70},
  number={1},
  pages={56--71},
  year={2023},
  publisher={Taylor \& Francis}
}

@article{li2023quantification,
  title={Quantification of interfacial interaction related with adhesive membrane fouling by genetic algorithm back propagation (GABP) neural network},
  author={Li, Bowen and Shen, Liguo and Zhao, Ying and Yu, Wei and Lin, Hongjun and Chen, Cheng and Li, Yingbo and Zeng, Qianqian},
  journal={Journal of Colloid and Interface Science},
  volume={640},
  pages={110--120},
  year={2023},
  publisher={Elsevier}
}

@inproceedings{dong2008tile,
  title={Tile-based interactive texture design},
  author={Dong, Weiming and Zhou, Ning and Paul, Jean-Claude},
  booktitle={Technologies for E-Learning and Digital Entertainment: Third International Conference, Edutainment 2008 Nanjing, China, June 25-27, 2008 Proceedings 3},
  pages={675--686},
  year={2008},
  organization={Springer}
}

@inproceedings{竹之内宏2022対話型人工蜂コロニーアルゴリズムを用いたランニングシューズデザインシステム,
  title={対話型人工蜂コロニーアルゴリズムを用いたランニングシューズデザインシステム},
  author={竹之内宏 and 徳丸正孝},
  booktitle={日本知能情報ファジィ学会 ファジィ システム シンポジウム 講演論文集 第 38 回ファジィシステムシンポジウム},
  pages={17--20},
  year={2022},
  organization={日本知能情報ファジィ学会}
}

@article{vonMisesDist,
  title={Über die “Ganzzahligkeit”’ der Atomgewichte und verwandte
    Fragen},
  author={Richard von Mises},
  journal={Physikal. Z.},
  volume={19},
  pages={490--500},
  year={1918},
}

@article{likert1932technique,
  title={A technique for the measurement of attitudes.},
  author={Likert, Rensis},
  journal={Archives of psychology},
  year={1932}
}

@book{tanese1989distributed,
  title={Distributed genetic algorithms for function optimization},
  author={Tanese, Reiko},
  year={1989},
  publisher={University of Michigan}
}

@article{grefenstette1986optimization,
  title={Optimization of control parameters for genetic algorithms},
  author={Grefenstette, John J},
  journal={IEEE Transactions on systems, man, and cybernetics},
  volume={16},
  number={1},
  pages={122--128},
  year={1986},
  publisher={IEEE}
}

@inproceedings{平沼智之2021組合せ最適化におけるベイジアン最適化アルゴリズムを組み込んだ遺伝的アルゴリズムの提案,
  title={組合せ最適化におけるベイジアン最適化アルゴリズムを組み込んだ遺伝的アルゴリズムの提案},
  author={平沼智之 and 安田翔也 and 藤堂健世 and 谷口茉帆 and 山村雅幸},
  booktitle={人工知能学会全国大会論文集 第 35 回 (2021)},
  pages={4G3GS2l04--4G3GS2l04},
  year={2021},
  organization={一般社団法人 人工知能学会}
}
@article{van2008visualizing,
  title={Visualizing data using t-SNE.},
  author={Van der Maaten, Laurens and Hinton, Geoffrey},
  journal={Journal of machine learning research},
  volume={9},
  number={11},
  year={2008}
}

@article{MADAR20051591,
title = {Interactive evolutionary computation in process engineering},
journal = {Computers & Chemical Engineering},
volume = {29},
number = {7},
pages = {1591-1597},
year = {2005},
issn = {0098-1354},
doi = {https://doi.org/10.1016/j.compchemeng.2004.12.009},
url = {https://www.sciencedirect.com/science/article/pii/S0098135404003552},
author = {Janos Madar and Janos Abonyi and Ferenc Szeifert},
}




